@article{Harris2020,
    author    = {Charles R. Harris and K. Jarrod Millman and St{\'{e}}fan J.
                 van der Walt and Ralf Gommers and Pauli Virtanen and David
                 Cournapeau and Eric Wieser and Julian Taylor and Sebastian
                 Berg and Nathaniel J. Smith and Robert Kern and Matti Picus
                 and Stephan Hoyer and Marten H. van Kerkwijk and Matthew
                 Brett and Allan Haldane and Jaime Fern{\'{a}}ndez del
                 R{\'{i}}o and Mark Wiebe and Pearu Peterson and Pierre
                 G{\'{e}}rard-Marchant and Kevin Sheppard and Tyler Reddy and
                 Warren Weckesser and Hameer Abbasi and Christoph Gohlke and
                 Travis E. Oliphant},
    title     = {Array programming with {NumPy}},
    year      = {2020},
    month     = sep,
    journal   = {Nature},
    volume    = {585},
    number    = {7825},
    pages     = {357--362},
    doi       = {10.1038/s41586-020-2649-2},
    publisher = {Springer Science and Business Media {LLC}},
    url       = {https://doi.org/10.1038/s41586-020-2649-2}
}

@book{Holland1975,
    author    = {John H. Holland},
    title     = {Adaptation in Natural and Artificial Systems},
    year      = {1975},
    publisher = {University of Michigan Press},
    address   = {Ann Arbor, MI, US}
}

@book{Mitchel1998,
    author    = {Melanie Mitchel},
    title     = {An Introduction to Genetic Algorithms},
    year      = {1998},
    publisher = {The MIT Press},
    isbn      = {9780262631853}
}

@book{DeJong2006,
    author    = {De Jong, K. A.},
    title     = {Evolutionary computation: A unified approach.},
    publisher = {MIT Press},
    year      = {2006},
    url       = {https://books.google.com/books?id=1Yn6AQAAQBAJ}
}

@misc{PyGenAlgo,
    author    = {Michail D. Vrettas},
    title     = {PyGenAlgo: A simple toolkit for genetic algorithms},
    year      = {2024},
    publisher = {GitHub},
    journal   = {GitHub repository},
    url       = {https://github.com/vrettasm/PyGeneticAlgorthms}
}

@misc{EasyGA,
    author    = {Daniel Wilczak},
    title     = {EasyGA - Genetic Algorithms made Easy},
    publisher = {GitHub},
    journal   = {GitHub repository},
    url       = {https://github.com/danielwilczak101/EasyGA}
}

@article{DEAPFortin2012,
    author    = {Felix-Antoine Fortin and Francois-Michel De Rainville and Marc-Andre Gardner
                 and Marc Parizeau and Christian Gagne},
    title     = {{DEAP}: Evolutionary Algorithms Made Easy},
    year      = {2012},
    month     = {July},
    journal   = {Journal of Machine Learning Research},
    volume    = {13},
    pages     = {2171--2175}
}

@article{PyGAD2023,
    author    = {Ahmed Fawzy Gad},
    title     = {{PyGAD}: An intuitive genetic algorithm Python library},
    year      = {2023},
    journal   = {Multimedia Tools and Appplications},
    volume    = {83},
    pages     = {1--14},
    doi       = {10.1007/s11042-023-17167-y}
}
    
@inproceedings{LEAPColetti2020,
    author    = {Coletti, Mark A. and Scott, Eric O. and Bassett, Jeffrey K.},
    title     = {Library for Evolutionary Algorithms in Python ({LEAP})},
    booktitle = {Proceedings of the 2020 Genetic and Evolutionary Computation Conference Companion},
    year      = {2020},
    pages     = {1571--1579},
    doi       = {10.1145/3377929.3398147},
    isbn      = {9781450371278},
    publisher = {Association for Computing Machinery},
    series    = {GECCO '20},
}

@article{Whitley1999,
    author  = {Darrell Whitley and Soraya Rana and Robert B. Heckendorn},
    title   = {{The Island Model Genetic Algorithm: On Separability, Population Size and Convergence}},
    journal = {Journal of Computing and Information Technology},
    year    = {1999},
    volume  = {7},
    number  = {1},
    pages   = {33--47}
}

@article{pymoo2020,
    author  = {J. {Blank} and K. {Deb}},
    journal = {IEEE Access},
    title   = {pymoo: Multi-Objective Optimization in Python},
    year    = {2020},
    volume  = {8},
    pages   = {89497-89509},
}
